%link on BibTeX:
%https://en.wikibooks.org/wiki/LaTeX/Bibliography_Management#BibTeX

%links on the IEEE reference system:
% www.ieee.org/documents/ieeecitationref.pdf
% http://guides.lib.chalmers.se/IEEE_guide



@article{PSWF-I_1961,
    author    = "Slepian, David and Polack, Henry Otto",
    title     = "{Prolate Spherodial Wave Functions, Fourier Analysis and Uncertainty -- I}",
    journal   = "The Bell System Technical Journal",
    year      = 1961,
    month     = "January",
    volume    = 40,
    issue     = 1,
    language  = "english"
}
@article{PSWF-II_1961,
    author    = "Landau, Henry Jacob and Polack, Henry Otto",
    title     = "{Prolate Spherodial Wave Functions, Fourier Analysis and Uncertainty -- II}",
    journal   = "The Bell System Technical Journal",
    year      = "1961",
    month     = "January",
    volume    = "40",
    issue     = "1",
    language  = "english"
}
@article{PSWF-III_1962,
    author    = "Landau, Henry Jacob and Polack, Henry Otto",
    title     = "{Prolate Spherodial Wave Functions, Fourier Analysis and Uncertainty -- III: The Dimensions of the Space of Essentially Time- and Band-Limited Signals}",
    journal   = "The Bell System Technical Journal",
    year      = "1962",
    month     = "July",
    volume    = "41",
    issue     = "4",
    language  = "english"
}
@article{PSWF-IV_1964,
    author    = "Slepian, David",
    title     = "{Prolate Spherodial Wave Functions, Fourier Analysis and Uncertainty -- IV: Extensions to Many Dimensions; Generalized Prolate Spheroidal Functions}",
    journal   = "The Bell System Technical Journal",
    year      = "1964",
    month     = "November",
    volume    = "43",
    issue     = "6",
    language  = "english"
}
@article{PSWF-V_1978,
    author    = "Slepian, David",
    title     = "{Prolate Spherodial Wave Functions, Fourier Analysis and Uncertainty -- V: The Discrete Case}",
    journal   = "The Bell System Technical Journal",
    year      = "1978",
    month     = "May--June",
    volume    = "40",
    issue     = "5",
    language  = "english"
}

@article{Folland,
    author    = "Folland, G B and Sitaram, A",
    title     = "{The Uncertainty Principle: A Mathematical Survey}",
    journal   = "The Journal of Fourier Analysis and Applications",
    year      = "1997",
    volume    = "3",
    issue     = "3",
    language  = "english"
}  

@misc{Martinsson,
    author    = "Martinsson, B and Petersson, T and Ravanis, J and Renström, N and Torstensson, M",
    title     = "Analys av frekvensers inverkan på hypertermibehandlingar",
    note      = "BSc thesis, Chalmers University of Technology",
    year      = "2016"
}  


@book{Gradshteyn-Ryzhik,
    author    = "Gradshteyn, I S and Ryzhik, I M",
    title     = "{T}able of {I}ntegrals, {S}eries, and {P}roducts",
    year      = "1980",
    edition   = "4",
    publisher = "Academic Press",
    isbn      = "0-12-294760-6"
}

@book{Jackson,
    author    = "Jackson, J D",
    title     = "{C}lasical electrodynamics",
    year      = "1999",
    edition   = "3",
    publisher = "Wiely",
}

@article{Kohler2001,
  author={Torsten Köhler and Peter Maass and Peter Wust and Martin Seebass},
  title={A fast algorithm to find optimal controls of multiantenna applicators in regional hyperthermia},
  journal={Physics in Medicine \& Biology},
  volume={46},
  number={9},
  pages={2503},
  url={http://stacks.iop.org/0031-9155/46/i=9/a=318},
  year={2001}
  }
  
@book{Arfken-Weber,
    author    = "Arfken, G B and Weber, H J and Harris, F E",
    title     = "{M}athematical {M}ethods for {P}hysisits",
    year      = "2013",
    edition   = "7",
    publisher = "Academic Press",
    isbn      = "978-0-12-384654-9"
}


@book{Physics_Handbook,
    author    = "Nordling, Carl and Österman, Jonny",
    title     = "{P}ysics {H}andbook for {S}cience and {E}ngineering",
    year      = "2006",
    edition   = "8:6",
    publisher = "Studentlitteratur",
}

@book{BETA,
    author    = "Lennart Råde and Bertil Westergren",
    title     = "{M}athematics {H}andbook for {S}cience and {E}ngineering",
    publisher = "Studentlitteratur",
    edition   = "5:12",
    year      = "2004",
    note      = "Informally known as ''BETA''",
}

